@InProceedings{DBLP:conf/flops/ClaessenDP14,
  author    = {Koen Claessen and Jonas Dureg{\aa}rd and Michal H. Palka},
  title     = {Generating Constrained Random Data with Uniform Distribution},
  booktitle = {Functional and Logic Programming - 12th International Symposium, {FLOPS} 2014, Kanazawa, Japan, June 4-6, 2014. Proceedings},
  year      = {2014},
  editor    = {Michael Codish and Eijiro Sumii},
  volume    = {8475},
  series    = {Lecture Notes in Computer Science},
  pages     = {18--34},
  publisher = {Springer},
  bibsource = {dblp computer science bibliography, https://dblp.org},
  biburl    = {https://dblp.org/rec/conf/flops/ClaessenDP14.bib},
  doi       = {10.1007/978-3-319-07151-0\_2},
  file      = {:/Users/zhfu/Downloads/local_195847.pdf:PDF},
  projects  = {20_ftp_martin},
  timestamp = {Tue, 14 May 2019 10:00:53 +0200},
  url       = {https://doi.org/10.1007/978-3-319-07151-0\_2},
}

@InProceedings{DBLP:conf/icfp/ClaessenH00,
  author    = {Koen Claessen and John Hughes},
  title     = {QuickCheck: a lightweight tool for random testing of Haskell programs},
  booktitle = {Proceedings of the Fifth {ACM} {SIGPLAN} International Conference on Functional Programming {(ICFP} '00), Montreal, Canada, September 18-21, 2000},
  year      = {2000},
  editor    = {Martin Odersky and Philip Wadler},
  pages     = {268--279},
  publisher = {{ACM}},
  bibsource = {dblp computer science bibliography, https://dblp.org},
  biburl    = {https://dblp.org/rec/conf/icfp/ClaessenH00.bib},
  doi       = {10.1145/351240.351266},
  projects  = {20_ftp_martin},
  timestamp = {Tue, 06 Nov 2018 16:59:25 +0100},
  url       = {https://doi.org/10.1145/351240.351266},
}

@InProceedings{DBLP:conf/icse/HughesNSA16,
  author    = {John Hughes and Ulf Norell and Nicholas Smallbone and Thomas Arts},
  title     = {Find more bugs with QuickCheck!},
  booktitle = {Proceedings of the 11th International Workshop on Automation of Software Test, AST@ICSE 2016, Austin, Texas, USA, May 14-15, 2016},
  year      = {2016},
  editor    = {Christof J. Budnik and Gordon Fraser and Francesca Lonetti},
  pages     = {71--77},
  publisher = {{ACM}},
  bibsource = {dblp computer science bibliography, https://dblp.org},
  biburl    = {https://dblp.org/rec/conf/icse/HughesNSA16.bib},
  doi       = {10.1145/2896921.2896928},
  projects  = {20_ftp_martin},
  timestamp = {Wed, 16 Oct 2019 14:14:49 +0200},
  url       = {https://doi.org/10.1145/2896921.2896928},
}

@Article{DBLP:journals/software/Meyer14,
  author    = {Mathias Meyer},
  title     = {Continuous Integration and Its Tools},
  journal   = {{IEEE} Softw.},
  year      = {2014},
  volume    = {31},
  number    = {3},
  pages     = {14--16},
  bibsource = {dblp computer science bibliography, https://dblp.org},
  biburl    = {https://dblp.org/rec/journals/software/Meyer14.bib},
  doi       = {10.1109/MS.2014.58},
  timestamp = {Mon, 08 Jun 2020 22:31:06 +0200},
  url       = {https://doi.org/10.1109/MS.2014.58},
}

@Book{duvall2007continuous,
  title     = {Continuous integration : improving software quality and reducing risk},
  publisher = {Addison-Wesley},
  year      = {2007},
  author    = {Duvall, Paul; Matyas, Steve; Glover Andrew},
  address   = {Upper Saddle River, N.J},
  isbn      = {978-0321336385},
}

@InProceedings{DBLP:conf/usenix/SerebryanyBPV12,
  author    = {Konstantin Serebryany and Derek Bruening and Alexander Potapenko and Dmitriy Vyukov},
  title     = {AddressSanitizer: {A} Fast Address Sanity Checker},
  booktitle = {2012 {USENIX} Annual Technical Conference, Boston, MA, USA, June 13-15, 2012},
  year      = {2012},
  editor    = {Gernot Heiser and Wilson C. Hsieh},
  pages     = {309--318},
  publisher = {{USENIX} Association},
  bibsource = {dblp computer science bibliography, https://dblp.org},
  biburl    = {https://dblp.org/rec/conf/usenix/SerebryanyBPV12.bib},
  timestamp = {Wed, 04 Jul 2018 13:06:34 +0200},
  url       = {https://www.usenix.org/conference/atc12/technical-sessions/presentation/serebryany},
}

@Book{nilsson2014scalacheck,
  title     = {ScalaCheck : the definitive guide},
  publisher = {Artima Press},
  year      = {2014},
  author    = {Nilsson, Rickard},
  address   = {Walnut Creek, California},
  isbn      = {978-0981531694},
}

@Misc{web:oss-fuzz,
  title        = {{OSS-Fuzz}: Continuous Fuzzing for Open Source Software},
  howpublished = {\url{https://github.com/google/oss-fuzz}},
  note         = {Accessed: 2020-09-12},
}

@Misc{branch-cov-made-easy:2002,
  title        = {Branch Coverage for Arbitrary Languages Made Easy},
  howpublished = {\url{http://www.semdesigns.com/Company/Publications/TestCoverage.pdf}},
  publisher    = {Semantic Designs Inc.},
  year         = {2002},
  author       = {Ira. D. Baxter},
  address      = {Austin, Texas, 78579 USA},
}

@Misc{web:scalafix,
  title        = {{Scalafix}: Refactoring and linting tool for Scala},
  howpublished = {\url{https://github.com/scalacenter/scalafix}},
  note         = {Accessed: 2020-09-12},
}

@Misc{web:ros-sanitizer-logs,
  title        = {Logs from ASAN/UBSAN/TSAN tests of the {R}obot {O}perating {S}ystem},
  howpublished = {\url{https://github.com/hannob/ros-sanitizer-logs}},
  note         = {Accessed: 2020-09-12},
}

@Article{DBLP:journals/tse/GallabaM20,
  author    = {Keheliya Gallaba and Shane McIntosh},
  title     = {Use and Misuse of Continuous Integration Features: An Empirical Study of Projects That (Mis)Use Travis {CI}},
  journal   = {{IEEE} Trans. Software Eng.},
  year      = {2020},
  volume    = {46},
  number    = {1},
  pages     = {33--50},
  bibsource = {dblp computer science bibliography, https://dblp.org},
  biburl    = {https://dblp.org/rec/journals/tse/GallabaM20.bib},
  doi       = {10.1109/TSE.2018.2838131},
  timestamp = {Thu, 06 Feb 2020 18:14:35 +0100},
  url       = {https://doi.org/10.1109/TSE.2018.2838131},
}

@InProceedings{DBLP:conf/pldi/FuS17,
  author    = {Zhoulai Fu and Zhendong Su},
  title     = {Achieving high coverage for floating-point code via unconstrained programming},
  booktitle = {Proceedings of the 38th {ACM} {SIGPLAN} Conference on Programming Language Design and Implementation, {PLDI} 2017, Barcelona, Spain, June 18-23, 2017},
  year      = {2017},
  editor    = {Albert Cohen and Martin T. Vechev},
  pages     = {306--319},
  publisher = {{ACM}},
  bibsource = {dblp computer science bibliography, https://dblp.org},
  biburl    = {https://dblp.org/rec/conf/pldi/FuS17.bib},
  doi       = {10.1145/3062341.3062383},
  timestamp = {Tue, 06 Nov 2018 16:59:31 +0100},
  url       = {https://doi.org/10.1145/3062341.3062383},
}

@InProceedings{nielsenFSW2020dependencybugs,
  author    = {Anders Fischer-Nielsen and Zhoulai Fu and Ting Su and Andrzej WÄ…sowski},
  title     = {The Forgotten Case of the Dependency Bugs: On the Example of the Robot Operating System},
  booktitle = {The 42nd International Conference on Software Engineering: Software Engineering in Practice (({ICSE-SEIP})},
  year      = {2020, to appear},
}

@Article{DBLP:journals/tse/BohmePR19,
  author    = {Marcel B{\"{o}}hme and Van{-}Thuan Pham and Abhik Roychoudhury},
  title     = {Coverage-Based Greybox Fuzzing as Markov Chain},
  journal   = {{IEEE} Trans. Software Eng.},
  year      = {2019},
  volume    = {45},
  number    = {5},
  pages     = {489--506},
  bibsource = {dblp computer science bibliography, https://dblp.org},
  biburl    = {https://dblp.org/rec/journals/tse/BohmePR19.bib},
  doi       = {10.1109/TSE.2017.2785841},
  timestamp = {Fri, 27 Mar 2020 08:44:36 +0100},
  url       = {https://doi.org/10.1109/TSE.2017.2785841},
}



@inproceedings{DBLP:conf/paste/AyewahPMPZ07,
  author    = {Nathaniel Ayewah and
               William Pugh and
               J. David Morgenthaler and
               John Penix and
               YuQian Zhou},
  editor    = {Manuvir Das and
               Dan Grossman},
  title     = {Evaluating static analysis defect warnings on production software},
  booktitle = {Proceedings of the 7th {ACM} {SIGPLAN-SIGSOFT} Workshop on Program
               Analysis for Software Tools and Engineering, PASTE'07, San Diego,
               California, USA, June 13-14, 2007},
  pages     = {1--8},
  publisher = {{ACM}},
  year      = {2007},
  url       = {https://doi.org/10.1145/1251535.1251536},
  doi       = {10.1145/1251535.1251536},
  timestamp = {Tue, 06 Nov 2018 16:58:01 +0100},
  biburl    = {https://dblp.org/rec/conf/paste/AyewahPMPZ07.bib},
  bibsource = {dblp computer science bibliography, https://dblp.org}
}


@Book{takanen2018fuzzing,
  title     = {Fuzzing for software security testing and quality assurance},
  publisher = {Artech House},
  year      = {2018},
  author    = {Ari Takanen;Jared D. Demott;Charles Miller},
  address   = {Boston, MA},
  isbn      = {978-1608078509},
}

@Misc{web:findbugs_bugs,
  title        = {{FindBugs} Bug Descriptions},
  howpublished = {\url{http://findbugs.sourceforge.net/bugDescriptions.html}},
  note         = {Accessed: 2020-09-12},
}

@inproceedings{DBLP:conf/pldi/FuS19,
  author    = {Zhoulai Fu and
               Zhendong Su},
  editor    = {Kathryn S. McKinley and
               Kathleen Fisher},
  title     = {Effective floating-point analysis via weak-distance minimization},
  booktitle = {Proceedings of the 40th {ACM} {SIGPLAN} Conference on Programming
               Language Design and Implementation, {PLDI} 2019, Phoenix, AZ, USA,
               June 22-26, 2019},
  pages     = {439--452},
  publisher = {{ACM}},
  year      = {2019},
  url       = {https://doi.org/10.1145/3314221.3314632},
  doi       = {10.1145/3314221.3314632},
  timestamp = {Sun, 09 Jun 2019 19:00:05 +0200},
  biburl    = {https://dblp.org/rec/conf/pldi/FuS19.bib},
  bibsource = {dblp computer science bibliography, https://dblp.org}
}

@inproceedings{DBLP:conf/oopsla/FuBS15,
  author    = {Zhoulai Fu and
               Zhaojun Bai and
               Zhendong Su},
  editor    = {Jonathan Aldrich and
               Patrick Eugster},
  title     = {Automated backward error analysis for numerical code},
  booktitle = {Proceedings of the 2015 {ACM} {SIGPLAN} International Conference on
               Object-Oriented Programming, Systems, Languages, and Applications,
               {OOPSLA} 2015, part of {SPLASH} 2015, Pittsburgh, PA, USA, October
               25-30, 2015},
  pages     = {639--654},
  publisher = {{ACM}},
  year      = {2015},
  url       = {https://doi.org/10.1145/2814270.2814317},
  doi       = {10.1145/2814270.2814317},
  timestamp = {Tue, 06 Nov 2018 16:57:15 +0100},
  biburl    = {https://dblp.org/rec/conf/oopsla/FuBS15.bib},
  bibsource = {dblp computer science bibliography, https://dblp.org}
}
