@Misc{chisel:tester2,
  author = {Richard Lin},
  title = {{ChiselTest}},
  howpublished = {\url{https://github.com/ucb-bar/chisel-testers2}}
}

@ARTICLE{domain-hw-acc:2020,
  author = {Dally, William J. and Turakhia, Yatish and Han, Song},
  title = {Domain-Specific Hardware Accelerators},
  journal = {Commun. ACM},
  year = {2020},
  volume = {63},
  pages = {48--57},
  number = {7},
  month = jun,
  abstract = {DSAs gain efficiency from specialization and performance from parallelism.},
  address = {New York, NY, USA},
  doi = {10.1145/3361682},
  issn = {0001-0782},
  issue_date = {July 2020},
  numpages = {10},
  publisher = {Association for Computing Machinery},
  no-url = {https://doi.org/10.1145/3361682}
}

@ARTICLE{henn-patt:turing:2019,
  author = {Hennessy, John L. and Patterson, David A.},
  title = {A New Golden Age for Computer Architecture},
  journal = {Commun. ACM},
  year = {2019},
  volume = {62},
  pages = {48--60},
  number = {2},
  month = jan,
  abstract = {Innovations like domain-specific hardware, enhanced security, open
	instruction sets, and agile chip development will lead the way.},
  address = {New York, NY, USA},
  doi = {10.1145/3282307},
  issn = {0001-0782},
  issue_date = {February 2019},
  numpages = {13},
  publisher = {Association for Computing Machinery},
  no-url = {https://doi.org/10.1145/3282307}
}

@INPROCEEDINGS{chisel:dac2012,
  author = {Jonathan Bachrach and Huy Vo and Brian Richards and Yunsup Lee and
	Andrew Waterman and Rimas Avizienis and John Wawrzynek and Krste
	Asanovic},
  title = {Chisel: constructing hardware in a Scala embedded language},
  booktitle = {The 49th Annual Design Automation Conference (DAC 2012)},
  year = {2012},
  pages = {1216--1225},
  address = {San Francisco, {CA}, {USA}},
  month = {June},
  publisher = {ACM},
  bibdate = {2012-06-01},
  bibsource = {DBLP, http://dblp.uni-trier.de/db/conf/dac/dac2012.html#BachrachVRLWAWA12},
  isbn = {978-1-4503-1199-1},
  no-url = {http://dl.acm.org/citation.cfm?id=2228360}
}

@Book{nilsson2014scalacheck,
  title     = {ScalaCheck : the definitive guide},
  publisher = {Artima Press},
  year      = {2014},
  author    = {Nilsson, Rickard},
  address   = {Walnut Creek, California},
  isbn      = {978-0981531694},
}

@Misc{branch-cov-made-easy:2002,
  title        = {Branch Coverage for Arbitrary Languages Made Easy},
  howpublished = {\url{http://www.semdesigns.com/Company/Publications/TestCoverage.pdf}},
  publisher    = {Semantic Designs Inc.},
  year         = {2002},
  author       = {Ira. D. Baxter},
  address      = {Austin, Texas, 78579 USA},
}

@book{spear2008systemverilog,
  title={SystemVerilog for verification: a guide to learning the testbench language features},
  author={Spear, Chris},
  year={2008},
  publisher={Springer Science \& Business Media}
}

@INPROCEEDINGS{firrtl,
  author={A. {Izraelevitz} and J. {Koenig} and P. {Li} and R. {Lin} and A. {Wang} and A. {Magyar} and D. {Kim} and C. {Schmidt} and C. {Markley} and J. {Lawson} and J. {Bachrach}},
  booktitle={2017 IEEE/ACM International Conference on Computer-Aided Design (ICCAD)}, 
  title={Reusability is FIRRTL ground: Hardware construction languages, compiler frameworks, and transformations}, 
  year={2017},
  volume={},
  number={},
  pages={209-216},
  doi={10.1109/ICCAD.2017.8203780}
}


@Misc{scala:2006,
	title = {An Overview of the Scala Programming Language},
	howpublished = {\url{https://www.scala-lang.org/docu/files/ScalaOverview.pdf}},
	publisher = {École Polytechnique Fédérale de Lausanne (EPFL)},
	year = {2006},
	author = {Martin Odersky et al.}
}

@Misc{chisel3.4release_notes,
	title = {Basic model checking API for Chisel},
	howpublished = {\url{https://github.com/chipsalliance/chisel3/pull/1499}},
	year = {2020},
	author = {Tom Alcorn},
}

@Misc{chiselverify,
	title = {ChiselVerify},
	howpublished = {\url{https://github.com/chiselverify/chiselverify}},
	year = {2020},
	author = {Andrew Dobis and Tjark Petersen and Kasper Juul Hesse Rasmussen and Enrico Tolotto and Hans Jakob Damsgaard and Simon Thye Andersen and Richard Lin and Martin Schoeberl},
}

@Misc{verilatormanual,
    author = "Veripool",
    title = "Verilator Manual",
    howpublished  = {\url{https://www.veripool.org/wiki/verilator/Manual-verilator}},
    year = {2020}
}

@Misc{verilator,
    author = "Veripool",
    title = "Verilator",
    howpublished  = {\url{https://github.com/verilator/verilator}},
    year = {2020}
}

@Misc{jgenhtml,
    author = "Rick Brown",
    title = "Jgenhtml",
    howpublished  = {\url{https://github.com/ricksbrown/jgenhtml}},
    year = {2020}
}

@Misc{Lcov,
    author = "Linux Test Project",
    title = "LCOV",
    howpublished  = {\url{http://ltp.sourceforge.net/coverage/lcov.php}},
    year = {2020}
}

@Misc{ScalaTest,
    author = "Artima",
    title = "ScalaTest",
    howpublished  = {\url{https://www.scalatest.org/}},
    year = {2020}
}


@Misc{SystemPerl,
    author = "Veripool",
    title = "SystemPerl",
    howpublished  = {\url{https://www.veripool.org/projects/systemperl/wiki/Manual-systemperl}},
    year = {2020}
}

@Misc{scoverage,
    author = "Sam Sam et al.",
    title = "sbt-scoverage",
    howpublished = {\url{https://github.com/scoverage/sbt-scoverage}},
    year = {2020}
}

@Misc{chisel:scoverage,
    author = "Jim Lawson",
    title = "Test Coverage",
    howpublished = {\url{https://github.com/chipsalliance/chisel3/wiki/Test-Coverage}},
    year = {2017}
}

@book{hdlverify,
  author    = {Janick Bergeron}, 
  title     = {Writing Testbenches - Functional Verification of HDL Models},
  publisher = {Springer},
  year      = 2003,
  edition   = 2,
  isbn      = {978-1-4615-0302-6}
}