@ELECTRONIC{chisel:tester2,
  author = {Richard Lin},
  title = {{ChiselTest}},
  howpublished = {https://github.com/ucb-bar/chisel-testers2}
}

@ARTICLE{domain-hw-acc:2020,
  author = {Dally, William J. and Turakhia, Yatish and Han, Song},
  title = {Domain-Specific Hardware Accelerators},
  journal = {Commun. ACM},
  year = {2020},
  volume = {63},
  pages = {48--57},
  number = {7},
  month = jun,
  abstract = {DSAs gain efficiency from specialization and performance from parallelism.},
  address = {New York, NY, USA},
  doi = {10.1145/3361682},
  issn = {0001-0782},
  issue_date = {July 2020},
  numpages = {10},
  publisher = {Association for Computing Machinery},
  no-url = {https://doi.org/10.1145/3361682}
}

@ARTICLE{henn-patt:turing:2019,
  author = {Hennessy, John L. and Patterson, David A.},
  title = {A New Golden Age for Computer Architecture},
  journal = {Commun. ACM},
  year = {2019},
  volume = {62},
  pages = {48--60},
  number = {2},
  month = jan,
  abstract = {Innovations like domain-specific hardware, enhanced security, open
	instruction sets, and agile chip development will lead the way.},
  address = {New York, NY, USA},
  doi = {10.1145/3282307},
  issn = {0001-0782},
  issue_date = {February 2019},
  numpages = {13},
  publisher = {Association for Computing Machinery},
  no-url = {https://doi.org/10.1145/3282307}
}

@STANDARD{SystemVerilog,
  title = {{IEEE} Standard for {SystemVerilog} -- Unified Hardware Design, Specification,
	and Verification Language},
  organization = {IEEE Std 1800-2017 (Revision of IEEE Std 1800-2012)},
  institution = {IEEE},
  year = {2018},
  owner = {martin},
  timestamp = {2020.09.26}
}

@INPROCEEDINGS{chisel:dac2012,
  author = {Jonathan Bachrach and Huy Vo and Brian Richards and Yunsup Lee and
	Andrew Waterman and Rimas Avizienis and John Wawrzynek and Krste
	Asanovic},
  title = {Chisel: constructing hardware in a Scala embedded language},
  booktitle = {The 49th Annual Design Automation Conference (DAC 2012)},
  year = {2012},
  pages = {1216--1225},
  address = {San Francisco, {CA}, {USA}},
  month = {June},
  publisher = {ACM},
  bibdate = {2012-06-01},
  bibsource = {DBLP, http://dblp.uni-trier.de/db/conf/dac/dac2012.html#BachrachVRLWAWA12},
  isbn = {978-1-4503-1199-1},
  no-url = {http://dl.acm.org/citation.cfm?id=2228360}
}

@Book{nilsson2014scalacheck,
  title     = {ScalaCheck : the definitive guide},
  publisher = {Artima Press},
  year      = {2014},
  author    = {Nilsson, Rickard},
  address   = {Walnut Creek, California},
  isbn      = {978-0981531694},
}

@Misc{branch-cov-made-easy:2002,
  title        = {Branch Coverage for Arbitrary Languages Made Easy},
  howpublished = {\url{http://www.semdesigns.com/Company/Publications/TestCoverage.pdf}},
  publisher    = {Semantic Designs Inc.},
  year         = {2002},
  author       = {Ira. D. Baxter},
  address      = {Austin, Texas, 78579 USA},
}

@book{spear2008systemverilog,
  title={SystemVerilog for verification: a guide to learning the testbench language features},
  author={Spear, Chris},
  year={2008},
  publisher={Springer Science \& Business Media}
}
